<?xml version="1.0" encoding="UTF-8"?><record xmlns="http://www.loc.gov/MARC21/slim" xmlns:cinclude="http://apache.org/cocoon/include/1.0" xmlns:zs="http://www.loc.gov/zing/srw/">
  <leader>00768cz  a2200145n  4500</leader>
  <controlfield tag="001">n  77015688 </controlfield>
  <controlfield tag="003">DLC</controlfield>
  <controlfield tag="005">20160318075451.0</controlfield>
  <controlfield tag="008">771129n| azannaabn          |a ana      </controlfield>
  <datafield tag="010" ind1=" " ind2=" ">
    <subfield code="a">n  77015688 </subfield>
  </datafield>
  <datafield tag="035" ind1=" " ind2=" ">
    <subfield code="a">(OCoLC)oca00132135</subfield>
  </datafield>
  <datafield tag="040" ind1=" " ind2=" ">
    <subfield code="a">DLC</subfield>
    <subfield code="b">eng</subfield>
    <subfield code="e">rda</subfield>
    <subfield code="c">DLC</subfield>
    <subfield code="d">DLC</subfield>
    <subfield code="d">OCoLC</subfield>
    <subfield code="d">DNLM</subfield>
  </datafield>
  <datafield tag="110" ind1="2" ind2=" ">
    <subfield code="a">Appalachian Laboratory for Occupational Safety and Health</subfield>
  </datafield>
  <datafield tag="410" ind1="2" ind2=" ">
    <subfield code="a">National Institute for Occupational Safety and Health.</subfield>
    <subfield code="b">Appalachian Laboratory for Occupational Safety and Health</subfield>
  </datafield>
  <datafield tag="670" ind1=" " ind2=" ">
    <subfield code="a">Cook, W. I. A report on ... 1977 (a.e.)</subfield>
    <subfield code="b">t.p. (U.S. Department of Health, Education, and Welfare, Public Health Service, Center for Disease Control, National Institute for Occupational Safety and Health, Appalachian Laboratory for Occupational Safety and Health, Morgantown, W.Va.)</subfield>
  </datafield>
</record>